<record><leader>00000cas a2200000 a 4500</leader><controlfield tag="001">2252318</controlfield><controlfield tag="008">760620d19761992ohumr ne      0    0eng c</controlfield><datafield ind1=" " ind2=" " tag="010"><subfield code="a">sn 88077686 </subfield></datafield><datafield ind1=" " ind2=" " tag="040"><subfield code="a">MUL</subfield><subfield code="b">eng</subfield><subfield code="c">MUL</subfield><subfield code="d">ONP</subfield><subfield code="d">NSD</subfield><subfield code="d">ONP</subfield><subfield code="d">CNW</subfield><subfield code="d">CVF</subfield><subfield code="d">NYS</subfield><subfield code="d">OCLCQ</subfield><subfield code="d">OCLCF</subfield><subfield code="d">OCLCO</subfield></datafield><datafield ind1="1" ind2=" " tag="029"><subfield code="a">AU@</subfield><subfield code="b">000020525002</subfield></datafield><datafield ind1=" " ind2=" " tag="042"><subfield code="a">pcc</subfield></datafield><datafield ind1=" " ind2=" " tag="043"><subfield code="a">n-us-oh</subfield></datafield><datafield ind1="0" ind2=" " tag="130"><subfield code="a">Columbus freepress (Columbus, Ohio : 1976)</subfield></datafield><datafield ind1="1" ind2="0" tag="245"><subfield code="a">Columbus freepress.</subfield></datafield><datafield ind1="3" ind2="0" tag="246"><subfield code="a">Columbus free press</subfield></datafield><datafield ind1=" " ind2=" " tag="260"><subfield code="a">Columbus, Ohio :</subfield><subfield code="b">[s.n.],</subfield><subfield code="c">1976-1992.</subfield></datafield><datafield ind1=" " ind2=" " tag="300"><subfield code="a">v.</subfield></datafield><datafield ind1=" " ind2=" " tag="310"><subfield code="a">Monthly</subfield></datafield><datafield ind1="0" ind2=" " tag="362"><subfield code="a">Vol. 7, no. 1 (Oct. 20, 1976)-v. 22, no. 3 (Mar. 1992).</subfield></datafield><datafield ind1=" " ind2=" " tag="500"><subfield code="a">Published as: Columbus free press, &lt;Jan. 11/Feb. 7, 1978-&gt;</subfield></datafield><datafield ind1=" " ind2=" " tag="500"><subfield code="a">Publisher varies: Columbus Institute for Contemporary Journalism, &lt;Mar. 1992.&gt;</subfield></datafield><datafield ind1=" " ind2=" " tag="530"><subfield code="a">Available on microfilm from UMI (Underground newspaper/press collection).</subfield></datafield><datafield ind1=" " ind2="0" tag="651"><subfield code="a">Columbus (Ohio)</subfield><subfield code="v">Newspapers.</subfield></datafield><datafield ind1=" " ind2="0" tag="651"><subfield code="a">Franklin County (Ohio)</subfield><subfield code="v">Newspapers.</subfield></datafield><datafield ind1=" " ind2="7" tag="655"><subfield code="a">Newspapers.</subfield><subfield code="2">fast</subfield><subfield code="0">(OCoLC)fst01423814</subfield></datafield><datafield ind1=" " ind2="7" tag="651"><subfield code="a">Ohio</subfield><subfield code="z">Columbus.</subfield><subfield code="2">fast</subfield><subfield code="0">(OCoLC)fst01205076</subfield></datafield><datafield ind1=" " ind2="7" tag="651"><subfield code="a">Ohio</subfield><subfield code="z">Franklin County.</subfield><subfield code="2">fast</subfield><subfield code="0">(OCoLC)fst01209686</subfield></datafield><datafield ind1="2" ind2=" " tag="710"><subfield code="a">Columbus Institute for Contemporary Journalism.</subfield></datafield><datafield ind1=" " ind2=" " tag="752"><subfield code="a">United States</subfield><subfield code="b">Ohio</subfield><subfield code="c">Franklin</subfield><subfield code="d">Columbus.</subfield></datafield><datafield ind1="0" ind2=" " tag="776"><subfield code="c">Microfilm</subfield><subfield code="d">UMI</subfield><subfield code="k">Underground newspaper collection</subfield><subfield code="k">Underground press collection</subfield><subfield code="w">(OCoLC)42315401</subfield></datafield><datafield ind1="0" ind2="0" tag="780"><subfield code="t">Columbus free press &amp; cowtown times</subfield><subfield code="w">(DLC)sn 88077687</subfield><subfield code="w">(OCoLC)18385698</subfield></datafield><datafield ind1="0" ind2="0" tag="785"><subfield code="t">Free press (Columbus, Ohio)</subfield><subfield code="x">1063-1267</subfield><subfield code="w">(DLC)sn 92004796</subfield><subfield code="w">(OCoLC)25882195</subfield></datafield></record>